<?xml version="1.0" encoding="UTF-8"?><record xmlns="http://www.loc.gov/MARC21/slim" xmlns:cinclude="http://apache.org/cocoon/include/1.0" xmlns:zs="http://www.loc.gov/zing/srw/">
  <leader>00427cz  a2200133n  4500</leader>
  <controlfield tag="001">n  83024546 </controlfield>
  <controlfield tag="003">DLC</controlfield>
  <controlfield tag="005">19881104141702.6</controlfield>
  <controlfield tag="008">830411n| acannaab|          |n aaa |||  </controlfield>
  <datafield tag="010" ind1=" " ind2=" ">
    <subfield code="a">n  83024546 </subfield>
  </datafield>
  <datafield tag="040" ind1=" " ind2=" ">
    <subfield code="a">DLC</subfield>
    <subfield code="c">DLC</subfield>
    <subfield code="d">DLC</subfield>
  </datafield>
  <datafield tag="100" ind1="1" ind2="0">
    <subfield code="a">Grippando, Gloria M.</subfield>
  </datafield>
  <datafield tag="670" ind1=" " ind2=" ">
    <subfield code="a">Her Nursing perspectives and issues, c1977.</subfield>
  </datafield>
  <datafield tag="670" ind1=" " ind2=" ">
    <subfield code="a">Her Nursing perspectives and issues, c1989:</subfield>
    <subfield code="b">CIP t.p. (Gloria M. Grippando, EdD, RN) data sheet (b. 1927)</subfield>
  </datafield>
</record>